@article{YingLi2020DeepLF,
  title={Deep Learning for LiDAR Point Clouds in Autonomous Driving: A Review},
  author={Ying Li and Lingfei Ma and Zilong Zhong and Fei Liu and Dongpu Cao and Jonathan Li and Michael A. Chapman},
  journal={IEEE Transactions on Neural Networks},
  year={2020}
}

@article{TapasKanungo2002AnEK,
  title={An efficient k-means clustering algorithm: analysis and implementation},
  author={Tapas Kanungo and David M. Mount and Nathan S. Netanyahu and Christine D. Piatko and Ruth Silverman and Angela Y. Wu},
  journal={IEEE Transactions on Pattern Analysis and Machine Intelligence},
  year={2002}
}

@article{derpanis2005mean,
  title={Mean shift clustering},
  author={Derpanis, Konstantinos G},
  journal={Lecture Notes},
  volume={32},
  year={2005},
  publisher={Citeseer}
}

@article{he2010laplacian,
  title={Laplacian regularized gaussian mixture model for data clustering},
  author={He, Xiaofei and Cai, Deng and Shao, Yuanlong and Bao, Hujun and Han, Jiawei},
  journal={IEEE Transactions on Knowledge and Data Engineering},
  volume={23},
  number={9},
  pages={1406--1418},
  year={2010},
  publisher={IEEE}
}

@INPROCEEDINGS{8078512,  author={Matti, Damien and Ekenel, HazÄ±m Kemal and Thiran, Jean-Philippe},  booktitle={2017 14th IEEE International Conference on Advanced Video and Signal Based Surveillance (AVSS)},   title={Combining LiDAR space clustering and convolutional neural networks for pedestrian detection},   year={2017},  volume={},  number={},  pages={1-6},  doi={10.1109/AVSS.2017.8078512}}

@article{wang2018pointseg,
  title={Pointseg: Real-time semantic segmentation based on 3d lidar point cloud},
  author={Wang, Yuan and Shi, Tianyue and Yun, Peng and Tai, Lei and Liu, Ming},
  journal={arXiv preprint arXiv:1807.06288},
  year={2018}
}

@article{xiao2022unsupervised,
  title={Unsupervised Representation Learning for Point Clouds: A Survey},
  author={Xiao, Aoran and Huang, Jiaxing and Guan, Dayan and Lu, Shijian},
  journal={arXiv preprint arXiv:2202.13589},
  year={2022}
}

@inproceedings{wu2018unsupervised,
  title={Unsupervised feature learning via non-parametric instance discrimination},
  author={Wu, Zhirong and Xiong, Yuanjun and Yu, Stella X and Lin, Dahua},
  booktitle={Proceedings of the IEEE conference on computer vision and pattern recognition},
  pages={3733--3742},
  year={2018}
}

@inproceedings{ye2019unsupervised,
  title={Unsupervised embedding learning via invariant and spreading instance feature},
  author={Ye, Mang and Zhang, Xu and Yuen, Pong C and Chang, Shih-Fu},
  booktitle={Proceedings of the IEEE/CVF Conference on Computer Vision and Pattern Recognition},
  pages={6210--6219},
  year={2019}
}

@inproceedings{he2020momentum,
  title={Momentum contrast for unsupervised visual representation learning},
  author={He, Kaiming and Fan, Haoqi and Wu, Yuxin and Xie, Saining and Girshick, Ross},
  booktitle={Proceedings of the IEEE/CVF conference on computer vision and pattern recognition},
  pages={9729--9738},
  year={2020}
}


@inproceedings{chen2020simple,
  title={A simple framework for contrastive learning of visual representations},
  author={Chen, Ting and Kornblith, Simon and Norouzi, Mohammad and Hinton, Geoffrey},
  booktitle={International conference on machine learning},
  pages={1597--1607},
  year={2020},
  organization={PMLR}
}

@article{caron2020unsupervised,
  title={Unsupervised learning of visual features by contrasting cluster assignments},
  author={Caron, Mathilde and Misra, Ishan and Mairal, Julien and Goyal, Priya and Bojanowski, Piotr and Joulin, Armand},
  journal={Advances in Neural Information Processing Systems},
  volume={33},
  pages={9912--9924},
  year={2020}
}

@article{grill2020bootstrap,
  title={Bootstrap your own latent-a new approach to self-supervised learning},
  author={Grill, Jean-Bastien and Strub, Florian and Altch{\'e}, Florent and Tallec, Corentin and Richemond, Pierre and Buchatskaya, Elena and Doersch, Carl and Avila Pires, Bernardo and Guo, Zhaohan and Gheshlaghi Azar, Mohammad and others},
  journal={Advances in Neural Information Processing Systems},
  volume={33},
  pages={21271--21284},
  year={2020}
}

@article{goodfellow2014generative,
  title={Generative adversarial nets},
  author={Goodfellow, Ian and Pouget-Abadie, Jean and Mirza, Mehdi and Xu, Bing and Warde-Farley, David and Ozair, Sherjil and Courville, Aaron and Bengio, Yoshua},
  journal={Advances in neural information processing systems},
  volume={27},
  year={2014}
}

@inproceedings{baldi2012autoencoders,
  title={Autoencoders, unsupervised learning, and deep architectures},
  author={Baldi, Pierre},
  booktitle={Proceedings of ICML workshop on unsupervised and transfer learning},
  pages={37--49},
  year={2012},
  organization={JMLR Workshop and Conference Proceedings}
}

@inproceedings{ledig2017photo,
  title={Photo-realistic single image super-resolution using a generative adversarial network},
  author={Ledig, Christian and Theis, Lucas and Husz{\'a}r, Ferenc and Caballero, Jose and Cunningham, Andrew and Acosta, Alejandro and Aitken, Andrew and Tejani, Alykhan and Totz, Johannes and Wang, Zehan and others},
  booktitle={Proceedings of the IEEE conference on computer vision and pattern recognition},
  pages={4681--4690},
  year={2017}
}

@inproceedings{zhang2016colorful,
  title={Colorful image colorization},
  author={Zhang, Richard and Isola, Phillip and Efros, Alexei A},
  booktitle={European conference on computer vision},
  pages={649--666},
  year={2016},
  organization={Springer}
}

@article{SpyrosGidaris2018UnsupervisedRL,
  title={Unsupervised Representation Learning by Predicting Image Rotations},
  author={Spyros Gidaris and Praveer Singh and Nikos Komodakis},
  journal={international conference on learning representations},
  year={2018}
}

@inproceedings{noroozi2016unsupervised,
  title={Unsupervised learning of visual representations by solving jigsaw puzzles},
  author={Noroozi, Mehdi and Favaro, Paolo},
  booktitle={European conference on computer vision},
  pages={69--84},
  year={2016},
  organization={Springer}
}

@inproceedings{sayed2018cross,
  title={Cross and learn: Cross-modal self-supervision},
  author={Sayed, Nawid and Brattoli, Biagio and Ommer, Bj{\"o}rn},
  booktitle={German Conference on Pattern Recognition},
  pages={228--243},
  year={2018},
  organization={Springer}
}

inproceedings{zhang2017split,
  title={Split-brain autoencoders: Unsupervised learning by cross-channel prediction},
  author={Zhang, Richard and Isola, Phillip and Efros, Alexei A},
  booktitle={Proceedings of the IEEE Conference on Computer Vision and Pattern Recognition},
  pages={1058--1067},
  year={2017}
}

@inproceedings{radford2021learning,
  title={Learning transferable visual models from natural language supervision},
  author={Radford, Alec and Kim, Jong Wook and Hallacy, Chris and Ramesh, Aditya and Goh, Gabriel and Agarwal, Sandhini and Sastry, Girish and Askell, Amanda and Mishkin, Pamela and Clark, Jack and others},
  booktitle={International Conference on Machine Learning},
  pages={8748--8763},
  year={2021},
  organization={PMLR}
}

@inproceedings{su2015multi,
  title={Multi-view convolutional neural networks for 3d shape recognition},
  author={Su, Hang and Maji, Subhransu and Kalogerakis, Evangelos and Learned-Miller, Erik},
  booktitle={Proceedings of the IEEE international conference on computer vision},
  pages={945--953},
  year={2015}
}

@inproceedings{maturana2015voxnet,
  title={Voxnet: A 3d convolutional neural network for real-time object recognition},
  author={Maturana, Daniel and Scherer, Sebastian},
  booktitle={2015 IEEE/RSJ International Conference on Intelligent Robots and Systems (IROS)},
  pages={922--928},
  year={2015},
  organization={IEEE}
}

@inproceedings{qi2017pointnet,
  title={Pointnet: Deep learning on point sets for 3d classification and segmentation},
  author={Qi, Charles R and Su, Hao and Mo, Kaichun and Guibas, Leonidas J},
  booktitle={Proceedings of the IEEE conference on computer vision and pattern recognition},
  pages={652--660},
  year={2017}
}

@article{qi2017pointnet++,
  title={Pointnet++: Deep hierarchical feature learning on point sets in a metric space},
  author={Qi, Charles Ruizhongtai and Yi, Li and Su, Hao and Guibas, Leonidas J},
  journal={Advances in neural information processing systems},
  volume={30},
  year={2017}
}

@article{YinZhou2018VoxelNetEL,
  title={VoxelNet: End-to-End Learning for Point Cloud Based 3D Object Detection},
  author={Yin Zhou and Oncel Tuzel},
  journal={computer vision and pattern recognition},
  year={2018}
}


@article{YueWang2018DynamicGC,
  title={Dynamic Graph CNN for Learning on Point Clouds},
  author={Yue Wang and Yongbin Sun and Ziwei Liu and Sanjay E. Sarma and Michael M. Bronstein and Justin Solomon},
  journal={ACM Transactions on Graphics},
  year={2018}
}

@article{DeepakPathak2016ContextEF,
  title={Context Encoders: Feature Learning by Inpainting},
  author={Deepak Pathak and Philipp Kr{\"a}henb{\"u}hl and Jeff Donahue and Trevor Darrell and Alexei A. Efros},
  journal={computer vision and pattern recognition},
  year={2016}
}

@article{JiaDeng2009ImageNetAL,
  title={ImageNet: A large-scale hierarchical image database},
  author={Jia Deng and Wei Dong and Richard Socher and Li-Jia Li and Kai Li and Li Fei-Fei},
  journal={computer vision and pattern recognition},
  year={2009}
}


@article{jing2020self,
  title={Self-supervised visual feature learning with deep neural networks: A survey},
  author={Jing, Longlong and Tian, Yingli},
  journal={IEEE transactions on pattern analysis and machine intelligence},
  volume={43},
  number={11},
  pages={4037--4058},
  year={2020},
  publisher={IEEE}
}

@article{liu2021self,
  title={Self-supervised learning: Generative or contrastive},
  author={Liu, Xiao and Zhang, Fanjin and Hou, Zhenyu and Mian, Li and Wang, Zhaoyu and Zhang, Jing and Tang, Jie},
  journal={IEEE Transactions on Knowledge and Data Engineering},
  year={2021},
  publisher={IEEE}
}

@article{jaiswal2020survey,
  title={A survey on contrastive self-supervised learning},
  author={Jaiswal, Ashish and Babu, Ashwin Ramesh and Zadeh, Mohammad Zaki and Banerjee, Debapriya and Makedon, Fillia},
  journal={Technologies},
  volume={9},
  number={1},
  pages={2},
  year={2020},
  publisher={MDPI}
}


@inproceedings{dosovitskiy2015flownet,
  title={Flownet: Learning optical flow with convolutional networks},
  author={Dosovitskiy, Alexey and Fischer, Philipp and Ilg, Eddy and Hausser, Philip and Hazirbas, Caner and Golkov, Vladimir and Van Der Smagt, Patrick and Cremers, Daniel and Brox, Thomas},
  booktitle={Proceedings of the IEEE international conference on computer vision},
  pages={2758--2766},
  year={2015}
}

@inproceedings{ilg2017flownet,
  title={Flownet 2.0: Evolution of optical flow estimation with deep networks},
  author={Ilg, Eddy and Mayer, Nikolaus and Saikia, Tonmoy and Keuper, Margret and Dosovitskiy, Alexey and Brox, Thomas},
  booktitle={Proceedings of the IEEE conference on computer vision and pattern recognition},
  pages={2462--2470},
  year={2017}
}

@inproceedings{behl2019pointflownet,
  title={Pointflownet: Learning representations for rigid motion estimation from point clouds},
  author={Behl, Aseem and Paschalidou, Despoina and Donn{\'e}, Simon and Geiger, Andreas},
  booktitle={Proceedings of the IEEE/CVF Conference on Computer Vision and Pattern Recognition},
  pages={7962--7971},
  year={2019}
}

@inproceedings{liu2019flownet3d,
  title={Flownet3d: Learning scene flow in 3d point clouds},
  author={Liu, Xingyu and Qi, Charles R and Guibas, Leonidas J},
  booktitle={Proceedings of the IEEE/CVF Conference on Computer Vision and Pattern Recognition},
  pages={529--537},
  year={2019}
}

@inproceedings{mittal2020just,
  title={Just go with the flow: Self-supervised scene flow estimation},
  author={Mittal, Himangi and Okorn, Brian and Held, David},
  booktitle={Proceedings of the IEEE/CVF conference on computer vision and pattern recognition},
  pages={11177--11185},
  year={2020}
}

@inproceedings{vedula1999three,
  title={Three-dimensional scene flow},
  author={Vedula, Sundar and Baker, Simon and Rander, Peter and Collins, Robert and Kanade, Takeo},
  booktitle={Proceedings of the Seventh IEEE International Conference on Computer Vision},
  volume={2},
  pages={722--729},
  year={1999},
  organization={IEEE}
}


@article{guo20143d,
  title={3D object recognition in cluttered scenes with local surface features: A survey},
  author={Guo, Yulan and Bennamoun, Mohammed and Sohel, Ferdous and Lu, Min and Wan, Jianwei},
  journal={IEEE transactions on pattern analysis and machine intelligence},
  volume={36},
  number={11},
  pages={2270--2287},
  year={2014},
  publisher={IEEE}
}

@article{tam2012registration,
  title={Registration of 3D point clouds and meshes: A survey from rigid to nonrigid},
  author={Tam, Gary KL and Cheng, Zhi-Quan and Lai, Yu-Kun and Langbein, Frank C and Liu, Yonghuai and Marshall, David and Martin, Ralph R and Sun, Xian-Fang and Rosin, Paul L},
  journal={IEEE transactions on visualization and computer graphics},
  volume={19},
  number={7},
  pages={1199--1217},
  year={2012},
  publisher={IEEE}
}

@inproceedings{choi2015robust,
  title={Robust reconstruction of indoor scenes},
  author={Choi, Sungjoon and Zhou, Qian-Yi and Koltun, Vladlen},
  booktitle={Proceedings of the IEEE Conference on Computer Vision and Pattern Recognition},
  pages={5556--5565},
  year={2015}
}

@inproceedings{gelfand2005robust,
  title={Robust global registration},
  author={Gelfand, Natasha and Mitra, Niloy J and Guibas, Leonidas J and Pottmann, Helmut},
  booktitle={Symposium on geometry processing},
  volume={2},
  number={3},
  pages={5},
  year={2005},
  organization={Vienna, Austria}
}

@article{mian2006three,
  title={Three-dimensional model-based object recognition and segmentation in cluttered scenes},
  author={Mian, Ajmal S and Bennamoun, Mohammed and Owens, Robyn},
  journal={IEEE transactions on pattern analysis and machine intelligence},
  volume={28},
  number={10},
  pages={1584--1601},
  year={2006},
  publisher={IEEE}
}

@inproceedings{amberg2007optimal,
  title={Optimal step nonrigid ICP algorithms for surface registration},
  author={Amberg, Brian and Romdhani, Sami and Vetter, Thomas},
  booktitle={2007 IEEE conference on computer vision and pattern recognition},
  pages={1--8},
  year={2007},
  organization={IEEE}
}

@article{myronenko2010point,
  title={Point set registration: Coherent point drift},
  author={Myronenko, Andriy and Song, Xubo},
  journal={IEEE transactions on pattern analysis and machine intelligence},
  volume={32},
  number={12},
  pages={2262--2275},
  year={2010},
  publisher={IEEE}
}

@incollection{brown2007global,
  title={Global non-rigid alignment of 3-D scans},
  author={Brown, Benedict J and Rusinkiewicz, Szymon},
  booktitle={ACM SIGGRAPH 2007 papers},
  pages={21--es},
  year={2007}
}

@inproceedings{zhu2017target,
  title={Target-driven visual navigation in indoor scenes using deep reinforcement learning},
  author={Zhu, Yuke and Mottaghi, Roozbeh and Kolve, Eric and Lim, Joseph J and Gupta, Abhinav and Fei-Fei, Li and Farhadi, Ali},
  booktitle={2017 IEEE international conference on robotics and automation (ICRA)},
  pages={3357--3364},
  year={2017},
  organization={IEEE}
}

@inproceedings{liang2018deep,
  title={Deep continuous fusion for multi-sensor 3d object detection},
  author={Liang, Ming and Yang, Bin and Wang, Shenlong and Urtasun, Raquel},
  booktitle={Proceedings of the European conference on computer vision (ECCV)},
  pages={641--656},
  year={2018}
}

@inproceedings{golovinskiy2009shape,
  title={Shape-based recognition of 3D point clouds in urban environments},
  author={Golovinskiy, Aleksey and Kim, Vladimir G and Funkhouser, Thomas},
  booktitle={2009 IEEE 12th International Conference on Computer Vision},
  pages={2154--2161},
  year={2009},
  organization={IEEE}
}


@inproceedings{beygelzimer2006cover,
  title={Cover trees for nearest neighbor},
  author={Beygelzimer, Alina and Kakade, Sham and Langford, John},
  booktitle={Proceedings of the 23rd international conference on Machine learning},
  pages={97--104},
  year={2006}
}


@article{sharma2020self,
  title={Self-supervised few-shot learning on point clouds},
  author={Sharma, Charu and Kaul, Manohar},
  journal={Advances in Neural Information Processing Systems},
  volume={33},
  pages={7212--7221},
  year={2020}
}

@article{garcia2017few,
  title={Few-shot learning with graph neural networks},
  author={Garcia, Victor and Bruna, Joan},
  journal={arXiv preprint arXiv:1711.04043},
  year={2017}
}

@article{csurka2017domain,
  title={Domain adaptation for visual applications: A comprehensive survey},
  author={Csurka, Gabriela},
  journal={arXiv preprint arXiv:1702.05374},
  year={2017}
}

@inproceedings{huang2021spatio,
  title={Spatio-temporal self-supervised representation learning for 3d point clouds},
  author={Huang, Siyuan and Xie, Yichen and Zhu, Song-Chun and Zhu, Yixin},
  booktitle={Proceedings of the IEEE/CVF International Conference on Computer Vision},
  pages={6535--6545},
  year={2021}
}

@book{gopnik2000scientist,
  title={The scientist in the crib: What early learning tells us about the mind},
  author={Gopnik, Alison and Meltzoff, Andrew N and Kuhl, Patricia K},
  year={2000},
  publisher={William Morrow Paperbacks}
}

@inproceedings{poursaeed2020self,
  title={Self-supervised learning of point clouds via orientation estimation},
  author={Poursaeed, Omid and Jiang, Tianxing and Qiao, Han and Xu, Nayun and Kim, Vladimir G},
  booktitle={2020 International Conference on 3D Vision (3DV)},
  pages={1018--1028},
  year={2020},
  organization={IEEE}
}

@article{sauder2019self,
  title={Self-supervised deep learning on point clouds by reconstructing space},
  author={Sauder, Jonathan and Sievers, Bjarne},
  journal={Advances in Neural Information Processing Systems},
  volume={32},
  year={2019}
}

@inproceedings{wu2019pointconv,
  title={Pointconv: Deep convolutional networks on 3d point clouds},
  author={Wu, Wenxuan and Qi, Zhongang and Fuxin, Li},
  booktitle={Proceedings of the IEEE/CVF Conference on Computer Vision and Pattern Recognition},
  pages={9621--9630},
  year={2019}
}

@inproceedings{wu2020pointpwc,
  title={Pointpwc-net: Cost volume on point clouds for (self-) supervised scene flow estimation},
  author={Wu, Wenxuan and Wang, Zhi Yuan and Li, Zhuwen and Liu, Wei and Fuxin, Li},
  booktitle={European conference on computer vision},
  pages={88--107},
  year={2020},
  organization={Springer}
}

@inproceedings{fan2017point,
  title={A point set generation network for 3d object reconstruction from a single image},
  author={Fan, Haoqiang and Su, Hao and Guibas, Leonidas J},
  booktitle={Proceedings of the IEEE conference on computer vision and pattern recognition},
  pages={605--613},
  year={2017}
}

@article{sabour2017dynamic,
  title={Dynamic routing between capsules},
  author={Sabour, Sara and Frosst, Nicholas and Hinton, Geoffrey E},
  journal={Advances in neural information processing systems},
  volume={30},
  year={2017}
}

@inproceedings{hinton2011transforming,
  title={Transforming auto-encoders},
  author={Hinton, Geoffrey E and Krizhevsky, Alex and Wang, Sida D},
  booktitle={International conference on artificial neural networks},
  pages={44--51},
  year={2011},
  organization={Springer}
}


@article{srivastava2019geometric,
  title={Geometric capsule autoencoders for 3d point clouds},
  author={Srivastava, Nitish and Goh, Hanlin and Salakhutdinov, Ruslan},
  journal={arXiv preprint arXiv:1912.03310},
  year={2019}
}

@inproceedings{zhao2020quaternion,
  title={Quaternion equivariant capsule networks for 3d point clouds},
  author={Zhao, Yongheng and Birdal, Tolga and Lenssen, Jan Eric and Menegatti, Emanuele and Guibas, Leonidas and Tombari, Federico},
  booktitle={European Conference on Computer Vision},
  pages={1--19},
  year={2020},
  organization={Springer}
}

@article{kosiorek2019stacked,
  title={Stacked capsule autoencoders},
  author={Kosiorek, Adam and Sabour, Sara and Teh, Yee Whye and Hinton, Geoffrey E},
  journal={Advances in neural information processing systems},
  volume={32},
  year={2019}
}

@article{sun2021canonical,
  title={Canonical Capsules: Self-Supervised Capsules in Canonical Pose},
  author={Sun, Weiwei and Tagliasacchi, Andrea and Deng, Boyang and Sabour, Sara and Yazdani, Soroosh and Hinton, Geoffrey E and Yi, Kwang Moo},
  journal={Advances in Neural Information Processing Systems},
  volume={34},
  year={2021}
}

@article{sarode2019pcrnet,
  title={Pcrnet: Point cloud registration network using pointnet encoding},
  author={Sarode, Vinit and Li, Xueqian and Goforth, Hunter and Aoki, Yasuhiro and Srivatsan, Rangaprasad Arun and Lucey, Simon and Choset, Howie},
  journal={arXiv preprint arXiv:1908.07906},
  year={2019}
}

@inproceedings{huang2020feature,
  title={Feature-metric registration: A fast semi-supervised approach for robust point cloud registration without correspondences},
  author={Huang, Xiaoshui and Mei, Guofeng and Zhang, Jian},
  booktitle={Proceedings of the IEEE/CVF Conference on Computer Vision and Pattern Recognition},
  pages={11366--11374},
  year={2020}
}

@article{liu2022self,
  title={Self-supervised Point Cloud Registration with Deep Versatile Descriptors},
  author={Liu, Dongrui and Chen, Chuanchuan and Xu, Changqing and Qiu, Robert and Chu, Lei},
  journal={arXiv preprint arXiv:2201.10034},
  year={2022}
}

@article{liu2022graph,
  title={Graph self-supervised learning: A survey},
  author={Liu, Yixin and Jin, Ming and Pan, Shirui and Zhou, Chuan and Zheng, Yu and Xia, Feng and Yu, Philip},
  journal={IEEE Transactions on Knowledge and Data Engineering},
  year={2022},
  publisher={IEEE}
}

@article{pang2022masked,
  title={Masked autoencoders for point cloud self-supervised learning},
  author={Pang, Yatian and Wang, Wenxiao and Tay, Francis EH and Liu, Wei and Tian, Yonghong and Yuan, Li},
  journal={arXiv preprint arXiv:2203.06604},
  year={2022}
}

@article{he2021masked,
  title={Masked autoencoders are scalable vision learners},
  author={He, Kaiming and Chen, Xinlei and Xie, Saining and Li, Yanghao and Doll{\'a}r, Piotr and Girshick, Ross},
  journal={arXiv preprint arXiv:2111.06377},
  year={2021}
}

@article{yu2021point,
  title={Point-BERT: Pre-training 3D Point Cloud Transformers with Masked Point Modeling},
  author={Yu, Xumin and Tang, Lulu and Rao, Yongming and Huang, Tiejun and Zhou, Jie and Lu, Jiwen},
  journal={arXiv preprint arXiv:2111.14819},
  year={2021}
}

@inproceedings{ganin2015unsupervised,
  title={Unsupervised domain adaptation by backpropagation},
  author={Ganin, Yaroslav and Lempitsky, Victor},
  booktitle={International conference on machine learning},
  pages={1180--1189},
  year={2015},
  organization={PMLR}
}

@inproceedings{tzeng2017adversarial,
  title={Adversarial discriminative domain adaptation},
  author={Tzeng, Eric and Hoffman, Judy and Saenko, Kate and Darrell, Trevor},
  booktitle={Proceedings of the IEEE conference on computer vision and pattern recognition},
  pages={7167--7176},
  year={2017}
}

@article{tzeng2014deep,
  title={Deep domain confusion: Maximizing for domain invariance},
  author={Tzeng, Eric and Hoffman, Judy and Zhang, Ning and Saenko, Kate and Darrell, Trevor},
  journal={arXiv preprint arXiv:1412.3474},
  year={2014}
}

@inproceedings{jaritz2020xmuda,
  title={xmuda: Cross-modal unsupervised domain adaptation for 3d semantic segmentation},
  author={Jaritz, Maximilian and Vu, Tuan-Hung and Charette, Raoul de and Wirbel, Emilie and P{\'e}rez, Patrick},
  booktitle={Proceedings of the IEEE/CVF Conference on Computer Vision and Pattern Recognition},
  pages={12605--12614},
  year={2020}
}

@inproceedings{saleh2019domain,
  title={Domain adaptation for vehicle detection from bird's eye view LiDAR point cloud data},
  author={Saleh, Khaled and Abobakr, Ahmed and Attia, Mohammed and Iskander, Julie and Nahavandi, Darius and Hossny, Mohammed and Nahvandi, Saeid},
  booktitle={Proceedings of the IEEE/CVF International Conference on Computer Vision Workshops},
  pages={0--0},
  year={2019}
}

@inproceedings{wu2019squeezesegv2,
  title={Squeezesegv2: Improved model structure and unsupervised domain adaptation for road-object segmentation from a lidar point cloud},
  author={Wu, Bichen and Zhou, Xuanyu and Zhao, Sicheng and Yue, Xiangyu and Keutzer, Kurt},
  booktitle={2019 International Conference on Robotics and Automation (ICRA)},
  pages={4376--4382},
  year={2019},
  organization={IEEE}
}

@inproceedings{ghifary2016deep,
  title={Deep reconstruction-classification networks for unsupervised domain adaptation},
  author={Ghifary, Muhammad and Kleijn, W Bastiaan and Zhang, Mengjie and Balduzzi, David and Li, Wen},
  booktitle={European conference on computer vision},
  pages={597--613},
  year={2016},
  organization={Springer}
}


@article{sun2019unsupervised,
  title={Unsupervised domain adaptation through self-supervision},
  author={Sun, Yu and Tzeng, Eric and Darrell, Trevor and Efros, Alexei A},
  journal={arXiv preprint arXiv:1909.11825},
  year={2019}
}

@inproceedings{achituve2021self,
  title={Self-supervised learning for domain adaptation on point clouds},
  author={Achituve, Idan and Maron, Haggai and Chechik, Gal},
  booktitle={Proceedings of the IEEE/CVF Winter Conference on Applications of Computer Vision},
  pages={123--133},
  year={2021}
}

@inproceedings{doersch2015unsupervised,
  title={Unsupervised visual representation learning by context prediction},
  author={Doersch, Carl and Gupta, Abhinav and Efros, Alexei A},
  booktitle={Proceedings of the IEEE international conference on computer vision},
  pages={1422--1430},
  year={2015}
}

@inproceedings{zhang2017split,
  title={Split-brain autoencoders: Unsupervised learning by cross-channel prediction},
  author={Zhang, Richard and Isola, Phillip and Efros, Alexei A},
  booktitle={Proceedings of the IEEE Conference on Computer Vision and Pattern Recognition},
  pages={1058--1067},
  year={2017}
}

@article{thabet2019mortonnet,
  title={Mortonnet: Self-supervised learning of local features in 3d point clouds},
  author={Thabet, Ali and Alwassel, Humam and Ghanem, Bernard},
  journal={arXiv preprint arXiv:1904.00230},
  year={2019}
}

@article{morton1966computer,
  title={A computer oriented geodetic data base and a new technique in file sequencing},
  author={Morton, Guy M},
  year={1966},
  publisher={International Business Machines Company New York}
}


@article{liu2022masked,
  title={Masked Discrimination for Self-Supervised Learning on Point Clouds},
  author={Liu, Haotian and Cai, Mu and Lee, Yong Jae},
  journal={arXiv preprint arXiv:2203.11183},
  year={2022}
}


@article{wang2019prnet,
  title={Prnet: Self-supervised learning for partial-to-partial registration},
  author={Wang, Yue and Solomon, Justin M},
  journal={Advances in neural information processing systems},
  volume={32},
  year={2019}
}

@inproceedings{wang2019deep,
  title={Deep closest point: Learning representations for point cloud registration},
  author={Wang, Yue and Solomon, Justin M},
  booktitle={Proceedings of the IEEE/CVF International Conference on Computer Vision},
  pages={3523--3532},
  year={2019}
}

@inproceedings{aoki2019pointnetlk,
  title={Pointnetlk: Robust \& efficient point cloud registration using pointnet},
  author={Aoki, Yasuhiro and Goforth, Hunter and Srivatsan, Rangaprasad Arun and Lucey, Simon},
  booktitle={Proceedings of the IEEE/CVF Conference on Computer Vision and Pattern Recognition},
  pages={7163--7172},
  year={2019}
}

@article{jang2016categorical,
  title={Categorical reparameterization with gumbel-softmax},
  author={Jang, Eric and Gu, Shixiang and Poole, Ben},
  journal={arXiv preprint arXiv:1611.01144},
  year={2016}
}

@inproceedings{zuanazzi2020adversarial,
  title={Adversarial self-supervised scene flow estimation},
  author={Zuanazzi, Victor and van Vugt, Joris and Booij, Olaf and Mettes, Pascal},
  booktitle={2020 International Conference on 3D Vision (3DV)},
  pages={1049--1058},
  year={2020},
  organization={IEEE}
}

@inproceedings{navaneet2020image,
  title={From image collections to point clouds with self-supervised shape and pose networks},
  author={Navaneet, KL and Mathew, Ansu and Kashyap, Shashank and Hung, Wei-Chih and Jampani, Varun and Babu, R Venkatesh},
  booktitle={Proceedings of the IEEE/CVF Conference on Computer Vision and Pattern Recognition},
  pages={1132--1140},
  year={2020}
}


@article{yihan2021learning,
  title={Learning transferable features for point cloud detection via 3d contrastive co-training},
  author={Yihan, Zeng and Wang, Chunwei and Wang, Yunbo and Xu, Hang and Ye, Chaoqiang and Yang, Zhen and Ma, Chao},
  journal={Advances in Neural Information Processing Systems},
  volume={34},
  pages={21493--21504},
  year={2021}
}

@inproceedings{yin2021center,
  title={Center-based 3d object detection and tracking},
  author={Yin, Tianwei and Zhou, Xingyi and Krahenbuhl, Philipp},
  booktitle={Proceedings of the IEEE/CVF conference on computer vision and pattern recognition},
  pages={11784--11793},
  year={2021}
}

@article{yan2018second,
  title={Second: Sparsely embedded convolutional detection},
  author={Yan, Yan and Mao, Yuxing and Li, Bo},
  journal={Sensors},
  volume={18},
  number={10},
  pages={3337},
  year={2018},
  publisher={MDPI}
}

@inproceedings{li2021self,
  title={Self-point-flow: Self-supervised scene flow estimation from point clouds with optimal transport and random walk},
  author={Li, Ruibo and Lin, Guosheng and Xie, Lihua},
  booktitle={Proceedings of the IEEE/CVF conference on computer vision and pattern recognition},
  pages={15577--15586},
  year={2021}
}

@book{villani2009optimal,
  title={Optimal transport: old and new},
  author={Villani, C{\'e}dric},
  volume={338},
  year={2009},
  publisher={Springer}
}


@article{lovasz1993random,
  title={Random walks on graphs},
  author={Lov{\'a}sz, L{\'a}szl{\'o}},
  journal={Combinatorics, Paul erdos is eighty},
  volume={2},
  number={1-46},
  pages={4},
  year={1993}
}

@inproceedings{wang2021self,
  title={Self-supervised 4d spatio-temporal feature learning via order prediction of sequential point cloud clips},
  author={Wang, Haiyan and Yang, Liang and Rong, Xuejian and Feng, Jinglun and Tian, Yingli},
  booktitle={Proceedings of the IEEE/CVF Winter Conference on Applications of Computer Vision},
  pages={3762--3771},
  year={2021}
}

@inproceedings{wang2021unsupervised,
  title={Unsupervised point cloud pre-training via occlusion completion},
  author={Wang, Hanchen and Liu, Qi and Yue, Xiangyu and Lasenby, Joan and Kusner, Matt J},
  booktitle={Proceedings of the IEEE/CVF international conference on computer vision},
  pages={9782--9792},
  year={2021}
}

@article{qin2019pointdan,
  title={Pointdan: A multi-scale 3d domain adaption network for point cloud representation},
  author={Qin, Can and You, Haoxuan and Wang, Lichen and Kuo, C-C Jay and Fu, Yun},
  journal={Advances in Neural Information Processing Systems},
  volume={32},
  year={2019}
}

@inproceedings{su2020adapting,
  title={Adapting object detectors with conditional domain normalization},
  author={Su, Peng and Wang, Kun and Zeng, Xingyu and Tang, Shixiang and Chen, Dapeng and Qiu, Di and Wang, Xiaogang},
  booktitle={European Conference on Computer Vision},
  pages={403--419},
  year={2020},
  organization={Springer}
}

@inproceedings{yi2021complete,
  title={Complete \& label: A domain adaptation approach to semantic segmentation of lidar point clouds},
  author={Yi, Li and Gong, Boqing and Funkhouser, Thomas},
  booktitle={Proceedings of the IEEE/CVF conference on computer vision and pattern recognition},
  pages={15363--15373},
  year={2021}
}


@inproceedings{graham20183d,
  title={3d semantic segmentation with submanifold sparse convolutional networks},
  author={Graham, Benjamin and Engelcke, Martin and Van Der Maaten, Laurens},
  booktitle={Proceedings of the IEEE conference on computer vision and pattern recognition},
  pages={9224--9232},
  year={2018}
}

@article{sauder2019context,
  title={Context prediction for unsupervised deep learning on point clouds},
  author={Sauder, Jonathan and Sievers, Bjarne},
  journal={arXiv preprint arXiv:1901.08396},
  volume={2},
  number={4},
  pages={5},
  year={2019}
}

@inproceedings{achlioptas2018learning,
  title={Learning representations and generative models for 3d point clouds},
  author={Achlioptas, Panos and Diamanti, Olga and Mitliagkas, Ioannis and Guibas, Leonidas},
  booktitle={International conference on machine learning},
  pages={40--49},
  year={2018},
  organization={PMLR}
}

@article{li2018point,
  title={Point cloud gan},
  author={Li, Chun-Liang and Zaheer, Manzil and Zhang, Yang and Poczos, Barnabas and Salakhutdinov, Ruslan},
  journal={arXiv preprint arXiv:1810.05795},
  year={2018}
}

@inproceedings{li2019pu,
  title={Pu-gan: a point cloud upsampling adversarial network},
  author={Li, Ruihui and Li, Xianzhi and Fu, Chi-Wing and Cohen-Or, Daniel and Heng, Pheng-Ann},
  booktitle={Proceedings of the IEEE/CVF international conference on computer vision},
  pages={7203--7212},
  year={2019}
}

@inproceedings{sarmad2019rl,
  title={Rl-gan-net: A reinforcement learning agent controlled gan network for real-time point cloud shape completion},
  author={Sarmad, Muhammad and Lee, Hyunjoo Jenny and Kim, Young Min},
  booktitle={Proceedings of the IEEE/CVF Conference on Computer Vision and Pattern Recognition},
  pages={5898--5907},
  year={2019}
}

@inproceedings{shu20193d,
  title={3d point cloud generative adversarial network based on tree structured graph convolutions},
  author={Shu, Dong Wook and Park, Sung Woo and Kwon, Junseok},
  booktitle={Proceedings of the IEEE/CVF international conference on computer vision},
  pages={3859--3868},
  year={2019}
}

@article{heusel2017gans,
  title={Gans trained by a two time-scale update rule converge to a local nash equilibrium},
  author={Heusel, Martin and Ramsauer, Hubert and Unterthiner, Thomas and Nessler, Bernhard and Hochreiter, Sepp},
  journal={Advances in neural information processing systems},
  volume={30},
  year={2017}
}

@inproceedings{yang2018foldingnet,
  title={Foldingnet: Point cloud auto-encoder via deep grid deformation},
  author={Yang, Yaoqing and Feng, Chen and Shen, Yiru and Tian, Dong},
  booktitle={Proceedings of the IEEE conference on computer vision and pattern recognition},
  pages={206--215},
  year={2018}
}

@inproceedings{PanosAchlioptas2017RepresentationLA,
  title={Representation Learning and Adversarial Generation of 3D Point Clouds},
  author={Panos Achlioptas and Olga Diamanti and Ioannis Mitliagkas and Leonidas J. Guibas},
  year={2017}
}

@article{suwajanakorn2018discovery,
  title={Discovery of latent 3d keypoints via end-to-end geometric reasoning},
  author={Suwajanakorn, Supasorn and Snavely, Noah and Tompson, Jonathan J and Norouzi, Mohammad},
  journal={Advances in neural information processing systems},
  volume={31},
  year={2018}
}

@inproceedings{sun2018pwc,
  title={Pwc-net: Cnns for optical flow using pyramid, warping, and cost volume},
  author={Sun, Deqing and Yang, Xiaodong and Liu, Ming-Yu and Kautz, Jan},
  booktitle={Proceedings of the IEEE conference on computer vision and pattern recognition},
  pages={8934--8943},
  year={2018}
}

@inproceedings{chen2021exploring,
  title={Exploring simple siamese representation learning},
  author={Chen, Xinlei and He, Kaiming},
  booktitle={Proceedings of the IEEE/CVF Conference on Computer Vision and Pattern Recognition},
  pages={15750--15758},
  year={2021}
}

@article{DongWookShu20193DPC,
  title={3D Point Cloud Generative Adversarial Network Based on Tree Structured Graph Convolutions},
  author={Dong Wook Shu and Sung Woo Park and Junseok Kwon},
  journal={international conference on computer vision},
  year={2019}
}

@inproceedings{zhang2019unsupervised,
  title={Unsupervised feature learning for point cloud understanding by contrasting and clustering using graph convolutional neural networks},
  author={Zhang, Ling and Zhu, Zhigang},
  booktitle={2019 international conference on 3D vision (3DV)},
  pages={395--404},
  year={2019},
  organization={IEEE}
}

@article{nazir2021contrastive,
  title={Contrastive Learning for 3D Point Clouds Classification and Shape Completion},
  author={Nazir, Danish and Afzal, Muhammad Zeshan and Pagani, Alain and Liwicki, Marcus and Stricker, Didier},
  journal={Sensors},
  volume={21},
  number={21},
  pages={7392},
  year={2021},
  publisher={MDPI}
}

@article{chechik2010large,
  title={Large Scale Online Learning of Image Similarity Through Ranking.},
  author={Chechik, Gal and Sharma, Varun and Shalit, Uri and Bengio, Samy},
  journal={Journal of Machine Learning Research},
  volume={11},
  number={3},
  year={2010}
}

@inproceedings{hou2021exploring,
  title={Exploring data-efficient 3d scene understanding with contrastive scene contexts},
  author={Hou, Ji and Graham, Benjamin and Nie{\ss}ner, Matthias and Xie, Saining},
  booktitle={Proceedings of the IEEE/CVF Conference on Computer Vision and Pattern Recognition},
  pages={15587--15597},
  year={2021}
}

@inproceedings{xie2020pointcontrast,
  title={Pointcontrast: Unsupervised pre-training for 3d point cloud understanding},
  author={Xie, Saining and Gu, Jiatao and Guo, Demi and Qi, Charles R and Guibas, Leonidas and Litany, Or},
  booktitle={European conference on computer vision},
  pages={574--591},
  year={2020},
  organization={Springer}
}

@article{oord2018representation,
  title={Representation learning with contrastive predictive coding},
  author={Oord, Aaron van den and Li, Yazhe and Vinyals, Oriol},
  journal={arXiv preprint arXiv:1807.03748},
  year={2018}
}

@article{velickovic2019deep,
  title={Deep Graph Infomax.},
  author={Velickovic, Petar and Fedus, William and Hamilton, William L and Li{\`o}, Pietro and Bengio, Yoshua and Hjelm, R Devon},
  journal={ICLR (Poster)},
  volume={2},
  number={3},
  pages={4},
  year={2019}
}

@inproceedings{sanghi2020info3d,
  title={Info3d: Representation learning on 3d objects using mutual information maximization and contrastive learning},
  author={Sanghi, Aditya},
  booktitle={European Conference on Computer Vision},
  pages={626--642},
  year={2020},
  organization={Springer}
}

@inproceedings{zhang2021self,
  title={Self-supervised pretraining of 3d features on any point-cloud},
  author={Zhang, Zaiwei and Girdhar, Rohit and Joulin, Armand and Misra, Ishan},
  booktitle={Proceedings of the IEEE/CVF International Conference on Computer Vision},
  pages={10252--10263},
  year={2021}
}

@inproceedings{szegedy2015going,
  title={Going deeper with convolutions},
  author={Szegedy, Christian and Liu, Wei and Jia, Yangqing and Sermanet, Pierre and Reed, Scott and Anguelov, Dragomir and Erhan, Dumitru and Vanhoucke, Vincent and Rabinovich, Andrew},
  booktitle={Proceedings of the IEEE conference on computer vision and pattern recognition},
  pages={1--9},
  year={2015}
}


@inproceedings{afham2022crosspoint,
  title={Crosspoint: Self-supervised cross-modal contrastive learning for 3d point cloud understanding},
  author={Afham, Mohamed and Dissanayake, Isuru and Dissanayake, Dinithi and Dharmasiri, Amaya and Thilakarathna, Kanchana and Rodrigo, Ranga},
  booktitle={Proceedings of the IEEE/CVF Conference on Computer Vision and Pattern Recognition},
  pages={9902--9912},
  year={2022}
}

@article{kunne2020cross,
  title={Cross-modal registration using point clouds and graph-matching in the context of correlative microscopies},
  author={Kunne, Stephan and Potier, Guillaume and M{\'e}rot, Jean and Paul-Gilloteaux, Perrine},
  journal={arXiv preprint arXiv:2012.00656},
  year={2020}
}

@inproceedings{li2022deepfusion,
  title={Deepfusion: Lidar-camera deep fusion for multi-modal 3d object detection},
  author={Li, Yingwei and Yu, Adams Wei and Meng, Tianjian and Caine, Ben and Ngiam, Jiquan and Peng, Daiyi and Shen, Junyang and Lu, Yifeng and Zhou, Denny and Le, Quoc V and others},
  booktitle={Proceedings of the IEEE/CVF Conference on Computer Vision and Pattern Recognition},
  pages={17182--17191},
  year={2022}
}

@inproceedings{wang2021pointaugmenting,
  title={Pointaugmenting: Cross-modal augmentation for 3d object detection},
  author={Wang, Chunwei and Ma, Chao and Zhu, Ming and Yang, Xiaokang},
  booktitle={Proceedings of the IEEE/CVF Conference on Computer Vision and Pattern Recognition},
  pages={11794--11803},
  year={2021}
}

@inproceedings{vora2020pointpainting,
  title={Pointpainting: Sequential fusion for 3d object detection},
  author={Vora, Sourabh and Lang, Alex H and Helou, Bassam and Beijbom, Oscar},
  booktitle={Proceedings of the IEEE/CVF conference on computer vision and pattern recognition},
  pages={4604--4612},
  year={2020}
}

@inproceedings{chen2017multi,
  title={Multi-view 3d object detection network for autonomous driving},
  author={Chen, Xiaozhi and Ma, Huimin and Wan, Ji and Li, Bo and Xia, Tian},
  booktitle={Proceedings of the IEEE conference on Computer Vision and Pattern Recognition},
  pages={1907--1915},
  year={2017}
}

@inproceedings{chen2016monocular,
  title={Monocular 3d object detection for autonomous driving},
  author={Chen, Xiaozhi and Kundu, Kaustav and Zhang, Ziyu and Ma, Huimin and Fidler, Sanja and Urtasun, Raquel},
  booktitle={Proceedings of the IEEE conference on computer vision and pattern recognition},
  pages={2147--2156},
  year={2016}
}



@inproceedings{yun2019cutmix,
  title={Cutmix: Regularization strategy to train strong classifiers with localizable features},
  author={Yun, Sangdoo and Han, Dongyoon and Oh, Seong Joon and Chun, Sanghyuk and Choe, Junsuk and Yoo, Youngjoon},
  booktitle={Proceedings of the IEEE/CVF international conference on computer vision},
  pages={6023--6032},
  year={2019}
}

@article{chang2015shapenet,
  title={Shapenet: An information-rich 3d model repository},
  author={Chang, Angel X and Funkhouser, Thomas and Guibas, Leonidas and Hanrahan, Pat and Huang, Qixing and Li, Zimo and Savarese, Silvio and Savva, Manolis and Song, Shuran and Su, Hao and others},
  journal={arXiv preprint arXiv:1512.03012},
  year={2015}
}

@article{miller1995wordnet,
  title={WordNet: a lexical database for English},
  author={Miller, George A},
  journal={Communications of the ACM},
  volume={38},
  number={11},
  pages={39--41},
  year={1995},
  publisher={ACM New York, NY, USA}
}

@inproceedings{dai2017scannet,
  title={Scannet: Richly-annotated 3d reconstructions of indoor scenes},
  author={Dai, Angela and Chang, Angel X and Savva, Manolis and Halber, Maciej and Funkhouser, Thomas and Nie{\ss}ner, Matthias},
  booktitle={Proceedings of the IEEE conference on computer vision and pattern recognition},
  pages={5828--5839},
  year={2017}
}

@inproceedings{koch2019abc,
  title={Abc: A big cad model dataset for geometric deep learning},
  author={Koch, Sebastian and Matveev, Albert and Jiang, Zhongshi and Williams, Francis and Artemov, Alexey and Burnaev, Evgeny and Alexa, Marc and Zorin, Denis and Panozzo, Daniele},
  booktitle={Proceedings of the IEEE/CVF Conference on Computer Vision and Pattern Recognition},
  pages={9601--9611},
  year={2019}
}

@inproceedings{geiger2012we,
  title={Are we ready for autonomous driving? the kitti vision benchmark suite},
  author={Geiger, Andreas and Lenz, Philip and Urtasun, Raquel},
  booktitle={2012 IEEE conference on computer vision and pattern recognition},
  pages={3354--3361},
  year={2012},
  organization={IEEE}
}


@inproceedings{song2015sun,
  title={Sun rgb-d: A rgb-d scene understanding benchmark suite},
  author={Song, Shuran and Lichtenberg, Samuel P and Xiao, Jianxiong},
  booktitle={Proceedings of the IEEE conference on computer vision and pattern recognition},
  pages={567--576},
  year={2015}
}

@misc{pascal-voc-2012,
	author = "Everingham, M. and Van~Gool, L. and Williams, C. K. I. and Winn, J. and Zisserman, A.",
	title = "The {PASCAL} {V}isual {O}bject {C}lasses {C}hallenge 2012 {(VOC2012)} {R}esults",
	howpublished = "http://www.pascal-network.org/challenges/VOC/voc2012/workshop/index.html"}


@inproceedings{uy2019revisiting,
  title={Revisiting point cloud classification: A new benchmark dataset and classification model on real-world data},
  author={Uy, Mikaela Angelina and Pham, Quang-Hieu and Hua, Binh-Son and Nguyen, Thanh and Yeung, Sai-Kit},
  booktitle={Proceedings of the IEEE/CVF international conference on computer vision},
  pages={1588--1597},
  year={2019}
}

@inproceedings{hu2021towards,
  title={Towards semantic segmentation of urban-scale 3D point clouds: A dataset, benchmarks and challenges},
  author={Hu, Qingyong and Yang, Bo and Khalid, Sheikh and Xiao, Wen and Trigoni, Niki and Markham, Andrew},
  booktitle={Proceedings of the IEEE/CVF conference on computer vision and pattern recognition},
  pages={4977--4987},
  year={2021}
}

@article{chen2022stpls3d,
  title={STPLS3D: A Large-Scale Synthetic and Real Aerial Photogrammetry 3D Point Cloud Dataset},
  author={Chen, Meida and Hu, Qingyong and Hugues, Thomas and Feng, Andrew and Hou, Yu and McCullough, Kyle and Soibelman, Lucio},
  journal={arXiv preprint arXiv:2203.09065},
  year={2022}
}

@article{taghanaki2020robustpointset,
  title={Robustpointset: A dataset for benchmarking robustness of point cloud classifiers},
  author={Taghanaki, Saeid Asgari and Luo, Jieliang and Zhang, Ran and Wang, Ye and Jayaraman, Pradeep Kumar and Jatavallabhula, Krishna Murthy},
  journal={arXiv preprint arXiv:2011.11572},
  year={2020}
}

@inproceedings{wu20153d,
  title={3d shapenets: A deep representation for volumetric shapes},
  author={Wu, Zhirong and Song, Shuran and Khosla, Aditya and Yu, Fisher and Zhang, Linguang and Tang, Xiaoou and Xiao, Jianxiong},
  booktitle={Proceedings of the IEEE conference on computer vision and pattern recognition},
  pages={1912--1920},
  year={2015}
}

@inproceedings{sun2018pix3d,
  title={Pix3d: Dataset and methods for single-image 3d shape modeling},
  author={Sun, Xingyuan and Wu, Jiajun and Zhang, Xiuming and Zhang, Zhoutong and Zhang, Chengkai and Xue, Tianfan and Tenenbaum, Joshua B and Freeman, William T},
  booktitle={Proceedings of the IEEE conference on computer vision and pattern recognition},
  pages={2974--2983},
  year={2018}
}

@inproceedings{sun2020scalability,
  title={Scalability in perception for autonomous driving: Waymo open dataset},
  author={Sun, Pei and Kretzschmar, Henrik and Dotiwalla, Xerxes and Chouard, Aurelien and Patnaik, Vijaysai and Tsui, Paul and Guo, James and Zhou, Yin and Chai, Yuning and Caine, Benjamin and others},
  booktitle={Proceedings of the IEEE/CVF conference on computer vision and pattern recognition},
  pages={2446--2454},
  year={2020}
}

@inproceedings{caesar2020nuscenes,
  title={nuscenes: A multimodal dataset for autonomous driving},
  author={Caesar, Holger and Bankiti, Varun and Lang, Alex H and Vora, Sourabh and Liong, Venice Erin and Xu, Qiang and Krishnan, Anush and Pan, Yu and Baldan, Giancarlo and Beijbom, Oscar},
  booktitle={Proceedings of the IEEE/CVF conference on computer vision and pattern recognition},
  pages={11621--11631},
  year={2020}
}

@inproceedings{mo2019partnet,
  title={Partnet: A large-scale benchmark for fine-grained and hierarchical part-level 3d object understanding},
  author={Mo, Kaichun and Zhu, Shilin and Chang, Angel X and Yi, Li and Tripathi, Subarna and Guibas, Leonidas J and Su, Hao},
  booktitle={Proceedings of the IEEE/CVF conference on computer vision and pattern recognition},
  pages={909--918},
  year={2019}
}

@inproceedings{xiao2013sun3d,
  title={Sun3d: A database of big spaces reconstructed using sfm and object labels},
  author={Xiao, Jianxiong and Owens, Andrew and Torralba, Antonio},
  booktitle={Proceedings of the IEEE international conference on computer vision},
  pages={1625--1632},
  year={2013}
}

@inproceedings{hua2016scenenn,
  title={Scenenn: A scene meshes dataset with annotations},
  author={Hua, Binh-Son and Pham, Quang-Hieu and Nguyen, Duc Thanh and Tran, Minh-Khoi and Yu, Lap-Fai and Yeung, Sai-Kit},
  booktitle={2016 fourth international conference on 3D vision (3DV)},
  pages={92--101},
  year={2016},
  organization={Ieee}
}

@article{hackel2017semantic3d,
  title={Semantic3d. net: A new large-scale point cloud classification benchmark},
  author={Hackel, Timo and Savinov, Nikolay and Ladicky, Lubor and Wegner, Jan D and Schindler, Konrad and Pollefeys, Marc},
  journal={arXiv preprint arXiv:1704.03847},
  year={2017}
}

@inproceedings{xiang2016objectnet3d,
  title={Objectnet3d: A large scale database for 3d object recognition},
  author={Xiang, Yu and Kim, Wonhui and Chen, Wei and Ji, Jingwei and Choy, Christopher and Su, Hao and Mottaghi, Roozbeh and Guibas, Leonidas and Savarese, Silvio},
  booktitle={European conference on computer vision},
  pages={160--176},
  year={2016},
  organization={Springer}
}

@article{xian2018zero,
  title={Zero-shot learningâa comprehensive evaluation of the good, the bad and the ugly},
  author={Xian, Yongqin and Lampert, Christoph H and Schiele, Bernt and Akata, Zeynep},
  journal={IEEE transactions on pattern analysis and machine intelligence},
  volume={41},
  number={9},
  pages={2251--2265},
  year={2018},
  publisher={IEEE}
}

@inproceedings{cheraghian2020transductive,
  title={Transductive zero-shot learning for 3d point cloud classification},
  author={Cheraghian, Ali and Rahman, Shafin and Campbell, Dylan and Petersson, Lars},
  booktitle={Proceedings of the IEEE/CVF Winter Conference on Applications of Computer Vision},
  pages={923--933},
  year={2020}
}

@inproceedings{michele2021generative,
  title={Generative Zero-Shot Learning for Semantic Segmentation of 3D Point Clouds},
  author={Michele, Bj{\"o}rn and Boulch, Alexandre and Puy, Gilles and Bucher, Maxime and Marlet, Renaud},
  booktitle={2021 International Conference on 3D Vision (3DV)},
  pages={992--1002},
  year={2021},
  organization={IEEE}
}

@inproceedings{zhao2021few,
  title={Few-shot 3d point cloud semantic segmentation},
  author={Zhao, Na and Chua, Tat-Seng and Lee, Gim Hee},
  booktitle={Proceedings of the IEEE/CVF Conference on Computer Vision and Pattern Recognition},
  pages={8873--8882},
  year={2021}
}

@inproceedings{armeni20163d,
  title={3d semantic parsing of large-scale indoor spaces},
  author={Armeni, Iro and Sener, Ozan and Zamir, Amir R and Jiang, Helen and Brilakis, Ioannis and Fischer, Martin and Savarese, Silvio},
  booktitle={Proceedings of the IEEE conference on computer vision and pattern recognition},
  pages={1534--1543},
  year={2016}
}

@inproceedings{zhao2021point,
  title={Point transformer},
  author={Zhao, Hengshuang and Jiang, Li and Jia, Jiaya and Torr, Philip HS and Koltun, Vladlen},
  booktitle={Proceedings of the IEEE/CVF International Conference on Computer Vision},
  pages={16259--16268},
  year={2021}
}

@article{guo2021pct,
  title={Pct: Point cloud transformer},
  author={Guo, Meng-Hao and Cai, Jun-Xiong and Liu, Zheng-Ning and Mu, Tai-Jiang and Martin, Ralph R and Hu, Shi-Min},
  journal={Computational Visual Media},
  volume={7},
  number={2},
  pages={187--199},
  year={2021},
  publisher={Springer}
}

@article{wang2021spatial,
  title={Spatial transformer for 3D point clouds},
  author={Wang, Jiayun and Chakraborty, Rudrasis and Stella, X Yu},
  journal={IEEE Transactions on Pattern Analysis and Machine Intelligence},
  year={2021},
  publisher={IEEE}
}

@inproceedings{he2016deep,
  title={Deep residual learning for image recognition},
  author={He, Kaiming and Zhang, Xiangyu and Ren, Shaoqing and Sun, Jian},
  booktitle={Proceedings of the IEEE conference on computer vision and pattern recognition},
  pages={770--778},
  year={2016}
}

@article{krizhevsky2012imagenet,
  title={Imagenet classification with deep convolutional neural networks},
  author={Krizhevsky, Alex and Sutskever, Ilya and Hinton, Geoffrey E},
  journal={Advances in neural information processing systems},
  volume={25},
  year={2012}
}

@inproceedings{zhang2022pointclip,
  title={Pointclip: Point cloud understanding by clip},
  author={Zhang, Renrui and Guo, Ziyu and Zhang, Wei and Li, Kunchang and Miao, Xupeng and Cui, Bin and Qiao, Yu and Gao, Peng and Li, Hongsheng},
  booktitle={Proceedings of the IEEE/CVF Conference on Computer Vision and Pattern Recognition},
  pages={8552--8562},
  year={2022}
}

@inproceedings{mayer2016large,
  title={A large dataset to train convolutional networks for disparity, optical flow, and scene flow estimation},
  author={Mayer, Nikolaus and Ilg, Eddy and Hausser, Philip and Fischer, Philipp and Cremers, Daniel and Dosovitskiy, Alexey and Brox, Thomas},
  booktitle={Proceedings of the IEEE conference on computer vision and pattern recognition},
  pages={4040--4048},
  year={2016}
}

@article{luo2021learnable,
  title={A learnable self-supervised task for unsupervised domain adaptation on point clouds},
  author={Luo, Xiaoyuan and Liu, Shaolei and Fu, Kexue and Wang, Manning and Song, Zhijian},
  journal={arXiv preprint arXiv:2104.05164},
  year={2021}
}

@inproceedings{engelmann2017exploring,
  title={Exploring spatial context for 3D semantic segmentation of point clouds},
  author={Engelmann, Francis and Kontogianni, Theodora and Hermans, Alexander and Leibe, Bastian},
  booktitle={Proceedings of the IEEE international conference on computer vision workshops},
  pages={716--724},
  year={2017}
}

@article{simonyan2014very,
  title={Very deep convolutional networks for large-scale image recognition},
  author={Simonyan, Karen and Zisserman, Andrew},
  journal={arXiv preprint arXiv:1409.1556},
  year={2014}
}


@article{wang2019dynamic,
  title={Dynamic graph cnn for learning on point clouds},
  author={Wang, Yue and Sun, Yongbin and Liu, Ziwei and Sarma, Sanjay E and Bronstein, Michael M and Solomon, Justin M},
  journal={Acm Transactions On Graphics (tog)},
  volume={38},
  number={5},
  pages={1--12},
  year={2019},
  publisher={ACM New York, NY, USA}
}

@inproceedings{liu2021swin,
  title={Swin transformer: Hierarchical vision transformer using shifted windows},
  author={Liu, Ze and Lin, Yutong and Cao, Yue and Hu, Han and Wei, Yixuan and Zhang, Zheng and Lin, Stephen and Guo, Baining},
  booktitle={Proceedings of the IEEE/CVF International Conference on Computer Vision},
  pages={10012--10022},
  year={2021}
}

@article{zhang2018robust,
  title={Robust 3D point cloud registration based on bidirectional Maximum Correntropy Criterion},
  author={Zhang, Xuetao and Jian, Libo and Xu, Meifeng},
  journal={PloS one},
  volume={13},
  number={5},
  pages={e0197542},
  year={2018},
  publisher={Public Library of Science San Francisco, CA USA}
}

@article{shi2020points,
  title={From points to parts: 3d object detection from point cloud with part-aware and part-aggregation network},
  author={Shi, Shaoshuai and Wang, Zhe and Shi, Jianping and Wang, Xiaogang and Li, Hongsheng},
  journal={IEEE transactions on pattern analysis and machine intelligence},
  volume={43},
  number={8},
  pages={2647--2664},
  year={2020},
  publisher={IEEE}
}

@inproceedings{engelmann2018know,
  title={Know what your neighbors do: 3D semantic segmentation of point clouds},
  author={Engelmann, Francis and Kontogianni, Theodora and Schult, Jonas and Leibe, Bastian},
  booktitle={Proceedings of the European Conference on Computer Vision (ECCV) Workshops},
  pages={0--0},
  year={2018}
}

@article{devlin2018bert,
  title={Bert: Pre-training of deep bidirectional transformers for language understanding},
  author={Devlin, Jacob and Chang, Ming-Wei and Lee, Kenton and Toutanova, Kristina},
  journal={arXiv preprint arXiv:1810.04805},
  year={2018}
}

@inproceedings{doersch2017multi,
  title={Multi-task self-supervised visual learning},
  author={Doersch, Carl and Zisserman, Andrew},
  booktitle={Proceedings of the IEEE international conference on computer vision},
  pages={2051--2060},
  year={2017}
}

@inproceedings{wang2022causal,
  title={Causal Representation Learning for Out-of-Distribution Recommendation},
  author={Wang, Wenjie and Lin, Xinyu and Feng, Fuli and He, Xiangnan and Lin, Min and Chua, Tat-Seng},
  booktitle={Proceedings of the ACM Web Conference 2022},
  pages={3562--3571},
  year={2022}
}

@article{zhu2021ressanet,
  title={ResSANet: Learning Geometric Information for Point Cloud Processing},
  author={Zhu, Xiaojun and Zhang, Zheng and Ruan, Jian and Liu, Houde and Sun, Hanxu},
  journal={Sensors},
  volume={21},
  number={9},
  pages={3227},
  year={2021},
  publisher={MDPI}
}


@article{floridi2020gpt,
  title={GPT-3: Its nature, scope, limits, and consequences},
  author={Floridi, Luciano and Chiriatti, Massimo},
  journal={Minds and Machines},
  volume={30},
  pages={681--694},
  year={2020},
  publisher={Springer}
}

@article{mikolov2013efficient,
  title={Efficient estimation of word representations in vector space},
  author={Mikolov, Tomas and Chen, Kai and Corrado, Greg and Dean, Jeffrey},
  journal={arXiv preprint arXiv:1301.3781},
  year={2013}
}

@article{lewis2019bart,
  title={Bart: Denoising sequence-to-sequence pre-training for natural language generation, translation, and comprehension},
  author={Lewis, Mike and Liu, Yinhan and Goyal, Naman and Ghazvininejad, Marjan and Mohamed, Abdelrahman and Levy, Omer and Stoyanov, Ves and Zettlemoyer, Luke},
  journal={arXiv preprint arXiv:1910.13461},
  year={2019}
}


@article{sariyildiz2022improving,
  title={Improving the generalization of supervised models},
  author={Sariyildiz, Mert Bulent and Kalantidis, Yannis and Alahari, Karteek and Larlus, Diane},
  journal={arXiv preprint arXiv:2206.15369},
  year={2022}
}


@inproceedings{xiao2010sun,
  title={Sun database: Large-scale scene recognition from abbey to zoo},
  author={Xiao, Jianxiong and Hays, James and Ehinger, Krista A and Oliva, Aude and Torralba, Antonio},
  booktitle={2010 IEEE computer society conference on computer vision and pattern recognition},
  pages={3485--3492},
  year={2010},
  organization={IEEE}
}


@article{zhang2022point,
  title={Point-DAE: Denoising Autoencoders for Self-supervised Point Cloud Learning},
  author={Zhang, Yabin and Lin, Jiehong and Li, Ruihuang and Jia, Kui and Zhang, Lei},
  journal={arXiv preprint arXiv:2211.06841},
  year={2022}
}

@inproceedings{zamir2018taskonomy,
  title={Taskonomy: Disentangling task transfer learning},
  author={Zamir, Amir R and Sax, Alexander and Shen, William and Guibas, Leonidas J and Malik, Jitendra and Savarese, Silvio},
  booktitle={Proceedings of the IEEE conference on computer vision and pattern recognition},
  pages={3712--3722},
  year={2018}
}


@inproceedings{faktor2014video,
  title={Video segmentation by non-local consensus voting.},
  author={Faktor, Alon and Irani, Michal},
  booktitle={BMVC},
  volume={2},
  number={7},
  pages={8},
  year={2014}
}

@inproceedings{stretcu2015multiple,
  title={Multiple Frames Matching for Object Discovery in Video.},
  author={Stretcu, Otilia and Leordeanu, Marius},
  booktitle={BMVC},
  volume={1},
  number={2},
  pages={3},
  year={2015}
}

@inproceedings{croitoru2017unsupervised,
  title={Unsupervised learning from video to detect foreground objects in single images},
  author={Croitoru, Ioana and Bogolin, Simion-Vlad and Leordeanu, Marius},
  booktitle={Proceedings of the IEEE International Conference on Computer Vision},
  pages={4335--4343},
  year={2017}
}

@inproceedings{jiang2018self,
  title={Self-supervised relative depth learning for urban scene understanding},
  author={Jiang, Huaizu and Larsson, Gustav and Shakhnarovich, Michael Maire Greg and Learned-Miller, Erik},
  booktitle={Proceedings of the European Conference on Computer Vision (ECCV)},
  pages={19--35},
  year={2018}
}

@inproceedings{arandjelovic2017look,
  title={Look, listen and learn},
  author={Arandjelovic, Relja and Zisserman, Andrew},
  booktitle={Proceedings of the IEEE international conference on computer vision},
  pages={609--617},
  year={2017}
}

@inproceedings{agrawal2015learning,
  title={Learning to see by moving},
  author={Agrawal, Pulkit and Carreira, Joao and Malik, Jitendra},
  booktitle={Proceedings of the IEEE international conference on computer vision},
  pages={37--45},
  year={2015}
}

@inproceedings{jayaraman2015learning,
  title={Learning image representations tied to ego-motion},
  author={Jayaraman, Dinesh and Grauman, Kristen},
  booktitle={Proceedings of the IEEE International Conference on Computer Vision},
  pages={1413--1421},
  year={2015}
}


@article{min2022voxel,
  title={Voxel-mae: Masked autoencoders for pre-training large-scale point clouds},
  author={Min, Chen and Zhao, Dawei and Xiao, Liang and Nie, Yiming and Dai, Bin},
  journal={arXiv preprint arXiv:2206.09900},
  year={2022}
}

@article{hess2022masked,
  title={Masked autoencoders for self-supervised learning on automotive point clouds},
  author={Hess, Georg and Jaxing, Johan and Svensson, Elias and Hagerman, David and Petersson, Christoffer and Svensson, Lennart},
  journal={arXiv preprint arXiv:2207.00531},
  year={2022}
}

@article{vaswani2017attention,
  title={Attention is all you need},
  author={Vaswani, Ashish and Shazeer, Noam and Parmar, Niki and Uszkoreit, Jakob and Jones, Llion and Gomez, Aidan N and Kaiser, {\L}ukasz and Polosukhin, Illia},
  journal={Advances in neural information processing systems},
  volume={30},
  year={2017}
}

@article{zhang2022masked,
  title={Masked surfel prediction for self-supervised point cloud learning},
  author={Zhang, Yabin and Lin, Jiehong and He, Chenhang and Chen, Yongwei and Jia, Kui and Zhang, Lei},
  journal={arXiv preprint arXiv:2207.03111},
  year={2022}
}

@article{zhang2022upsampling,
  title={Upsampling Autoencoder for Self-Supervised Point Cloud Learning},
  author={Zhang, Cheng and Shi, Jian and Deng, Xuan and Wu, Zizhao},
  journal={arXiv preprint arXiv:2203.10768},
  year={2022}
}

@article{liu2022spu,
  title={Spu-net: Self-supervised point cloud upsampling by coarse-to-fine reconstruction with self-projection optimization},
  author={Liu, Xinhai and Liu, Xinchen and Liu, Yu-Shen and Han, Zhizhong},
  journal={IEEE Transactions on Image Processing},
  volume={31},
  pages={4213--4226},
  year={2022},
  publisher={IEEE}
}

@inproceedings{zhao2021sspu,
  title={Sspu-net: Self-supervised point cloud upsampling via differentiable rendering},
  author={Zhao, Yifan and Hui, Le and Xie, Jin},
  booktitle={Proceedings of the 29th ACM International Conference on Multimedia},
  pages={2214--2223},
  year={2021}
}

@inproceedings{zhao2022self,
  title={Self-supervised arbitrary-scale point clouds upsampling via implicit neural representation},
  author={Zhao, Wenbo and Liu, Xianming and Zhong, Zhiwei and Jiang, Junjun and Gao, Wei and Li, Ge and Ji, Xiangyang},
  booktitle={Proceedings of the IEEE/CVF Conference on Computer Vision and Pattern Recognition},
  pages={1999--2007},
  year={2022}
}

@inproceedings{tsai2022self,
  title={Self-Supervised Feature Learning from Partial Point Clouds via Pose Disentanglement},
  author={Tsai, Meng-Shiun and Chiang, Pei-Ze and Tsai, Yi-Hsuan and Chiu, Wei-Chen},
  booktitle={2022 IEEE/RSJ International Conference on Intelligent Robots and Systems (IROS)},
  pages={1031--1038},
  year={2022},
  organization={IEEE}
}

@article{xu2022cp,
  title={Cp-net: Contour-perturbed reconstruction network for self-supervised point cloud learning},
  author={Xu, Mingye and Zhou, Zhipeng and Xu, Hongbin and Wang, Yali and Qiao, Yu},
  journal={arXiv preprint arXiv:2201.08215},
  year={2022}
}


@article{sun2022self,
  title={Self-supervised Point Cloud Representation Learning via Separating Mixed Shapes},
  author={Sun, Chao and Zheng, Zhedong and Wang, Xiaohan and Xu, Mingliang and Yang, Yi},
  journal={IEEE Transactions on Multimedia},
  year={2022},
  publisher={IEEE}
}


@inproceedings{chen2021shape,
  title={Shape self-correction for unsupervised point cloud understanding},
  author={Chen, Ye and Liu, Jinxian and Ni, Bingbing and Wang, Hang and Yang, Jiancheng and Liu, Ning and Li, Teng and Tian, Qi},
  booktitle={Proceedings of the IEEE/CVF International Conference on Computer Vision},
  pages={8382--8391},
  year={2021}
}

@article{liu2022pufa,
  title={PUFA-GAN: A Frequency-Aware Generative Adversarial Network for 3D Point Cloud Upsampling},
  author={Liu, Hao and Yuan, Hui and Hou, Junhui and Hamzaoui, Raouf and Gao, Wei},
  journal={IEEE Transactions on Image Processing},
  volume={31},
  pages={7389--7402},
  year={2022},
  publisher={IEEE}
}

@inproceedings{du2021self,
  title={Self-contrastive learning with hard negative sampling for self-supervised point cloud learning},
  author={Du, Bi'an and Gao, Xiang and Hu, Wei and Li, Xin},
  booktitle={Proceedings of the 29th ACM International Conference on Multimedia},
  pages={3133--3142},
  year={2021}
}

@article{lu2022joint,
  title={Joint Data and Feature Augmentation for Self-Supervised Representation Learning on Point Clouds},
  author={Lu, Zhuheng and Dai, Yuewei and Li, Weiqing and Su, Zhiyong},
  journal={arXiv preprint arXiv:2211.01184},
  year={2022}
}

@inproceedings{xie2018attentional,
  title={Attentional shapecontextnet for point cloud recognition},
  author={Xie, Saining and Liu, Sainan and Chen, Zeyu and Tu, Zhuowen},
  booktitle={Proceedings of the IEEE conference on computer vision and pattern recognition},
  pages={4606--4615},
  year={2018}
}

@inproceedings{lal2021coconets,
  title={CoCoNets: Continuous contrastive 3D scene representations},
  author={Lal, Shamit and Prabhudesai, Mihir and Mediratta, Ishita and Harley, Adam W and Fragkiadaki, Katerina},
  booktitle={Proceedings of the IEEE/CVF Conference on Computer Vision and Pattern Recognition},
  pages={12487--12496},
  year={2021}
}

@ARTICLE{2020arXiv201213089L,
       author = {{Liu}, Yunze and {Yi}, Li and {Zhang}, Shanghang and {Fan}, Qingnan and {Funkhouser}, Thomas and {Dong}, Hao},
        title = "{P4Contrast: Contrastive Learning with Pairs of Point-Pixel Pairs for RGB-D Scene Understanding}",
      journal = {arXiv e-prints},
     keywords = {Computer Science - Computer Vision and Pattern Recognition},
         year = 2020,
        month = dec,
          eid = {arXiv:2012.13089},
        pages = {arXiv:2012.13089},
          doi = {10.48550/arXiv.2012.13089},
archivePrefix = {arXiv},
       eprint = {2012.13089},
 primaryClass = {cs.CV},
       adsurl = {https://ui.adsabs.harvard.edu/abs/2020arXiv201213089L},
      adsnote = {Provided by the SAO/NASA Astrophysics Data System}
}


@inproceedings{xu2019self,
  title={Self-supervised spatiotemporal learning via video clip order prediction},
  author={Xu, Dejing and Xiao, Jun and Zhao, Zhou and Shao, Jian and Xie, Di and Zhuang, Yueting},
  booktitle={Proceedings of the IEEE/CVF Conference on Computer Vision and Pattern Recognition},
  pages={10334--10343},
  year={2019}
}


@inproceedings{mersch2022self,
  title={Self-supervised point cloud prediction using 3D spatio-temporal convolutional networks},
  author={Mersch, Benedikt and Chen, Xieyuanli and Behley, Jens and Stachniss, Cyrill},
  booktitle={Conference on Robot Learning},
  pages={1444--1454},
  year={2022},
  organization={PMLR}
}

@inproceedings{jing2021self,
  title={Self-supervised feature learning by cross-modality and cross-view correspondences},
  author={Jing, Longlong and Zhang, Ling and Tian, Yingli},
  booktitle={Proceedings of the IEEE/CVF Conference on Computer Vision and Pattern Recognition},
  pages={1581--1591},
  year={2021}
}

@inproceedings{yang2021self,
  title={Self-supervised learning of depth inference for multi-view stereo},
  author={Yang, Jiayu and Alvarez, Jose M and Liu, Miaomiao},
  booktitle={Proceedings of the IEEE/CVF Conference on Computer Vision and Pattern Recognition},
  pages={7526--7534},
  year={2021}
}

@inproceedings{tran2022self,
  title={Self-Supervised Learning with Multi-View Rendering for 3D Point Cloud Analysis},
  author={Tran, Bach and Hua, Binh-Son and Tran, Anh Tuan and Hoai, Minh},
  booktitle={Proceedings of the Asian Conference on Computer Vision},
  pages={3086--3103},
  year={2022}
}

@inproceedings{shi2021self,
  title={Self-Supervised Learning of Part Mobility from Point Cloud Sequence},
  author={Shi, Yahao and Cao, Xinyu and Zhou, Bin},
  booktitle={Computer Graphics Forum},
  volume={40},
  number={6},
  pages={104--116},
  year={2021},
  organization={Wiley Online Library}
}


@inproceedings{zhao2022superline3d,
  title={SuperLine3D: Self-supervised Line Segmentation and Description for LiDAR Point Cloud},
  author={Zhao, Xiangrui and Yang, Sheng and Huang, Tianxin and Chen, Jun and Ma, Teng and Li, Mingyang and Liu, Yong},
  booktitle={Computer Vision--ECCV 2022: 17th European Conference, Tel Aviv, Israel, October 23--27, 2022, Proceedings, Part IX},
  pages={263--279},
  year={2022},
  organization={Springer}
}


@inproceedings{besl1992method,
  title={Method for registration of 3-D shapes},
  author={Besl, Paul J and McKay, Neil D},
  booktitle={Sensor fusion IV: control paradigms and data structures},
  volume={1611},
  pages={586--606},
  year={1992},
  organization={Spie}
}

@inproceedings{liu2019relation,
  title={Relation-shape convolutional neural network for point cloud analysis},
  author={Liu, Yongcheng and Fan, Bin and Xiang, Shiming and Pan, Chunhong},
  booktitle={Proceedings of the IEEE/CVF conference on computer vision and pattern recognition},
  pages={8895--8904},
  year={2019}
}

@inproceedings{qi2019deep,
  title={Deep hough voting for 3d object detection in point clouds},
  author={Qi, Charles R and Litany, Or and He, Kaiming and Guibas, Leonidas J},
  booktitle={proceedings of the IEEE/CVF International Conference on Computer Vision},
  pages={9277--9286},
  year={2019}
}

@inproceedings{romera2015embarrassingly,
  title={An embarrassingly simple approach to zero-shot learning},
  author={Romera-Paredes, Bernardino and Torr, Philip},
  booktitle={International conference on machine learning},
  pages={2152--2161},
  year={2015},
  organization={PMLR}
}

@techreport{fraser1976probability,
  title={Probability and statistics: Theory and applications},
  author={Fraser, Donald Alexander Stuart},
  year={1976}
}

@article{el2021indoor,
  title={Indoor navigation: State of the art and future trends},
  author={El-Sheimy, Naser and Li, You},
  journal={Satellite Navigation},
  volume={2},
  number={1},
  pages={1--23},
  year={2021},
  publisher={SpringerOpen}
}

@inproceedings{yang2019reppoints,
  title={Reppoints: Point set representation for object detection},
  author={Yang, Ze and Liu, Shaohui and Hu, Han and Wang, Liwei and Lin, Stephen},
  booktitle={Proceedings of the IEEE/CVF international conference on computer vision},
  pages={9657--9666},
  year={2019}
}

@article{cai2023lightgcl,
  title={LightGCL: Simple Yet Effective Graph Contrastive Learning for Recommendation},
  author={Cai, Xuheng and Huang, Chao and Xia, Lianghao and Ren, Xubin},
  journal={arXiv preprint arXiv:2302.08191},
  year={2023}
}

@article{wei2022contrastive,
  title={Contrastive Graph Structure Learning via Information Bottleneck for Recommendation},
  author={Wei, Chunyu and Liang, Jian and Liu, Di and Wang, Fei},
  journal={Advances in Neural Information Processing Systems},
  volume={35},
  pages={20407--20420},
  year={2022}
}

@article{chen2019deep,
  title={Deep unsupervised learning of 3D point clouds via graph topology inference and filtering},
  author={Chen, Siheng and Duan, Chaojing and Yang, Yaoqing and Li, Duanshun and Feng, Chen and Tian, Dong},
  journal={IEEE transactions on image processing},
  volume={29},
  pages={3183--3198},
  year={2019},
  publisher={IEEE}
}

@inproceedings{bian2022unsupervised,
  title={Unsupervised domain adaptation for point cloud semantic segmentation via graph matching},
  author={Bian, Yikai and Hui, Le and Qian, Jianjun and Xie, Jin},
  booktitle={2022 IEEE/RSJ International Conference on Intelligent Robots and Systems (IROS)},
  pages={9899--9904},
  year={2022},
  organization={IEEE}
}

@article{russakovsky2015imagenet,
  title={Imagenet large scale visual recognition challenge},
  author={Russakovsky, Olga and Deng, Jia and Su, Hao and Krause, Jonathan and Satheesh, Sanjeev and Ma, Sean and Huang, Zhiheng and Karpathy, Andrej and Khosla, Aditya and Bernstein, Michael and others},
  journal={International journal of computer vision},
  volume={115},
  pages={211--252},
  year={2015},
  publisher={Springer}
}

@inproceedings{ericsson2021well,
  title={How well do self-supervised models transfer?},
  author={Ericsson, Linus and Gouk, Henry and Hospedales, Timothy M},
  booktitle={Proceedings of the IEEE/CVF Conference on Computer Vision and Pattern Recognition},
  pages={5414--5423},
  year={2021}
}

@article{atanov2021measuring,
  title={Measuring the Effectiveness of Self-Supervised Learning using Calibrated Learning Curves},
  author={Atanov, Andrei and Xu, Shijian and Beker, Onur and Filatov, Andrey and Zamir, Amir},
  year={2021}
}

@article{dubois2023evaluating,
  title={Evaluating Self-Supervised Learning via Risk Decomposition},
  author={Dubois, Yann and Hashimoto, Tatsunori and Liang, Percy},
  journal={arXiv preprint arXiv:2302.03068},
  year={2023}
}

@inproceedings{lu2023open,
  title={Open-vocabulary point-cloud object detection without 3d annotation},
  author={Lu, Yuheng and Xu, Chenfeng and Wei, Xiaobao and Xie, Xiaodong and Tomizuka, Masayoshi and Keutzer, Kurt and Zhang, Shanghang},
  booktitle={Proceedings of the IEEE/CVF Conference on Computer Vision and Pattern Recognition},
  pages={1190--1199},
  year={2023}
}

@inproceedings{zeng2023clip2,
  title={CLIP2: Contrastive Language-Image-Point Pretraining from Real-World Point Cloud Data},
  author={Zeng, Yihan and Jiang, Chenhan and Mao, Jiageng and Han, Jianhua and Ye, Chaoqiang and Huang, Qingqiu and Yeung, Dit-Yan and Yang, Zhen and Liang, Xiaodan and Xu, Hang},
  booktitle={Proceedings of the IEEE/CVF Conference on Computer Vision and Pattern Recognition},
  pages={15244--15253},
  year={2023}
}

@inproceedings{xue2023ulip,
  title={ULIP: Learning a unified representation of language, images, and point clouds for 3D understanding},
  author={Xue, Le and Gao, Mingfei and Xing, Chen and Mart{\'\i}n-Mart{\'\i}n, Roberto and Wu, Jiajun and Xiong, Caiming and Xu, Ran and Niebles, Juan Carlos and Savarese, Silvio},
  booktitle={Proceedings of the IEEE/CVF Conference on Computer Vision and Pattern Recognition},
  pages={1179--1189},
  year={2023}
}

@article{yuan2021review,
  title={A review of deep learning methods for semantic segmentation of remote sensing imagery},
  author={Yuan, Xiaohui and Shi, Jianfang and Gu, Lichuan},
  journal={Expert Systems with Applications},
  volume={169},
  pages={114417},
  year={2021},
  publisher={Elsevier}
}

@article{tian2022data,
  title={Data-driven robotic visual grasping detection for unknown objects: A problem-oriented review},
  author={Tian, Hongkun and Song, Kechen and Li, Song and Ma, Shuai and Xu, Jing and Yan, Yunhui},
  journal={Expert Systems with Applications},
  pages={118624},
  year={2022},
  publisher={Elsevier}
}

@article{kazerouni2022survey,
  title={A survey of state-of-the-art on visual SLAM},
  author={Kazerouni, Iman Abaspur and Fitzgerald, Luke and Dooly, Gerard and Toal, Daniel},
  journal={Expert Systems with Applications},
  volume={205},
  pages={117734},
  year={2022},
  publisher={Elsevier}
}

@article{shao2022tracing,
  title={Tracing the evolution of AI in the past decade and forecasting the emerging trends},
  author={Shao, Zhou and Zhao, Ruoyan and Yuan, Sha and Ding, Ming and Wang, Yongli},
  journal={Expert Systems with Applications},
  pages={118221},
  year={2022},
  publisher={Elsevier}
}